@article{Turing1937,
    author = {Turing, Alan M.},
    title = {On Computable Numbers, with an Application to the Entscheidungsproblem},
    journal = {Proceedings of the London Mathematical Society},
    volume = {s2-42},
    number = {1},
    pages = {230-265},
    doi = {10.1112/plms/s2-42.1.230},
    url = {https://londmathsoc.onlinelibrary.wiley.com/doi/abs/10.1112/plms/s2-42.1.230},
    year = {1937}
}


@article{Goedel1931,
  title = {Über formal unentscheidbare Sätze der Principia Mathematica und verwandter Systeme I},
  volume = {38–38},
  doi = {10.1007/bf01700692},
  number = {1},
  journal = {Monatshefte für Mathematik und Physik},
  publisher = {Springer},
  author = {Gödel, Kurt},
  year = {1931},
  month = dec,
  pages = {173–-198}
}

@article{Church1936,
 url = {http://www.jstor.org/stable/2371045},
 author = {Alonzo Church},
 journal = {American Journal of Mathematics},
 number = {2},
 pages = {345--363},
 title = {An Unsolvable Problem of Elementary Number Theory},
 urldate = {2024-11-07},
 volume = {58},
 year = {1936}
}